@ARTICLE{Basseur_2007,
  author = {M. Basseur and E. K. Burke},
  title = {Indicator-based multi-objective local search},
  journal = {Evolutionary Computation},
  publisher = {IEEE},
  pages = {3100--3107},
  year = {2007}
}

@ARTICLE{Broomhead_1988,
  author = {D. S. Broomhead and D. Lowe},
  title = {Multivariable functional interpolation and adaptive networks},
  journal = {Complex Systems},
  volume = {2},
  pages = {321--355},
  year = {1988}
}

@ARTICLE{Carrano_2011, 
	author = {Eduardo G. Carrano and Elizabeth F. Wanner and Ricardo H. C. Takahashi},
	title = {A Multicriteria Statistical Based Comparison Methodology for Evaluating Evolutionary Algorithms},
	journal = {Evolutionary Computation},
	volume = {15},
	issue = {6},
	pages = {848--870},
	year = {2011},
	publisher = {IEEE}
}

@BOOK{Castro_2002,
  author = {Leandro de Castro and Jonathan Timmis},
  title = {Artificial Immune Systems: A New Computational Intelligence Approach},
  publisher = {Springer-Verlag},
  year = {2002}
}

@BOOK{Castro_2016,
  author = {Leandro de Castro and Daniel Gomes Ferrari},
  title = {Introdução à Mineração de Dados: Conceitos básicos, Algoritmos e Aplicações},
  publisher = {Editora Saraiva},
  year = {2016}
}

@ARTICLE{Chen_1996,
  author = {Ming-Syan Chen and Jiawei Han and Philip S. Yu},
  title = "Data Mining: An Overview from a Database Perspective",
  journal = {IEEE Transactions on Knowledge and Data Engineering},
  year = {1996},
  volume = {8},
  number={6},
  pages={866--883},
}

@ARTICLE{Chen2_2012,
  author = {Min Chen and Simone A. Ludwig},
  title = "Discrete Particle Swarm Optimization With Local Search Strategy for Rule Classification",
  journal = {Fourth World Congress on Nature and Biologically Inspired Computing (NaBIC)},
  year={2012},
  pages={162--167},
}

@ARTICLE{Coello_2002,
  author = {Carlos A. Coello-Coello and Maximino Salazar Lechuga},
  title = {MOPSO: A Proposal for Multiple Objective Particle Swarm Optimization},
  booktitle = {Proceedings of the Evolutionary Computation on 2002. CEC '02. Proceedings of the 2002 Congress - Volume 02},
  series = {CEC '02},
  year = {2002},
  pages = {1051--1056},
  publisher = {IEEE Computer Society}
}

@ARTICLE{Cervantes_2005,
  author = {Alejandro Cervantes and Ines Galvain and Pedro Isasi},
  title = {A Comparison between the Pittsburgh and Michigan Approaches for the Binary PSO Algorithm},
  journal={IEEE Congress on Evolutionary Computation},
  volume={3},
  publisher = {IEEE},
  pages={290--297},
  year={2005}
}

@ARTICLE{Coello_2004,
  author = {Carlos A. Coello-Coello and Gregorio Toscano Pulido and Maximino Salazar Lechuga},
  title = {Handling Multiple Objectives With Particle Swarm Optimization},
  journal={IEEE Transactions on Evolutionary Computation},
  volume={8},
  pages={256--279},
  year={2004}
}

@ARTICLE{Coello_2006,
  author = {Carlos A. Coello-Coello},
  title = {Evolutionary Multi-objective Optimization: A Historical View of the Field},
  journal={IEEE Computation Inteligence Magazine},
  volume={8},
  pages={28--36},
  year={2006}
}

@ARTICLE{Cruz_2007,
  author = {Isolina Cruz and Vânia Barcellos Gouvêa Campos},
  title = "Sistema de Informações Geográficas Aplicados à Análise Espacial em Transportes, Meio ambiente e Ocupação do Solo",
  year={2007},
  url={http://aquarius.ime.eb.br/~webde2/prof/vania/pubs/%2815%29SIG-AE2.pdf}
}

@BOOK{Cunha_2014,
  author = "Antônio Gaspar Cunha and Ricardo Takahashi and Carlos Henggeler Antunes",
  title = {Manual de computação evolutiva e metaheurística},
  publisher = {Imprensa da Universidade de Coimbra; Editora da Universidade Federal de Minas Gerais},
  year = {2014}
}

@ARTICLE{Dorigo_1996,
  author = {Marco Dorigo and Vittorio Maniezzo and Albert0 Colorni},
  title = {Ant System: Optimization by a Colony of Cooperating Agents},
  year = {1996},
  pages = {29--41},
  volume = {26},
  journal = {IEEE Transactions on Systems, Man, and Cybernetics - Part B Cybernetics}
}

@ARTICLE{Drugan_2012,
  author = {Mădălina M. Drugan and Dirk Thierens},
  title = {Stochastic Pareto local search: Pareto neighbourhood exploration and perturbation strategies},
  journal = {Journal of Heuristics},
  pages = {727--766},
  volume = {18},
  issue = {5},
  year = {2012}
}

@BOOK{Durillo_2009,
  author = {Juan J. Durillo and José Garcı́a-Nieto and Antonio J. Nebro and Carlos A. Coello Coelloand Francisco Luna and Enrique Alba},
  title = {Multi-Objective Particle Swarm Optimizers: An Experimental Comparison},
  booktitle={Evolutionary Multi-Criterion Optimization},
  pages={495--509},
  year = {2009},
  publisher = {Springer Berlin Heidelberg}
}

@ARTICLE{Eberhart_2001,
  author = {Russell Eberhart and Yuhui Shi},
  title = "Particle Swarm Optimization: Developments, Applications and Resources",
  year={2001},
  pages={81--86}, 
  volume={1},
  publisher={IEEE}
}

@ARTICLE{Fayyad_1996,
  author = {Usama Fayyad and Gregory Piatetsky-Shapiro and and Padhraic Smyth},
  title = "Knowledge Discovery and Data Mining: Towards a Unifying Framework",
  year = {1996},
  url = "http://www.cs.columbia.edu/~gravano/cs6111/Readings/fayyad.pdf",
  note = "Acessado em 21 de Setembro de 2015"
}

@ARTICLE{Fayyad_1996_2,
  author = {Usama Fayyad and Gregory Piatetsky-Shapiro and and Padhraic Smyth},
  title = "From Data Mining to Knowledge Discovery in Databases",
  year = {1996},
}

@ARTICLE{Freitas_2003,
  author={Alex A. Freitas}, 
  title={A Survey of Evolutionary Algorithms for Data Mining and Knowledge Discovery},
  year={2003}
}

@ARTICLE{Kennedy_1995,
  author = {James Kennedy and Russell Eberhart},
  title = "Particle Swarm Optimization",
  year = {1995},
  pages= {1942--1948},
  publisher = {IEEE}
}

@ARTICLE{Kennedy_1997,
  author = {James Kennedy and Russell Eberhart},
  title = "A Discrete Binary Version of the Particle Swarm Algorithm",
  year={1997},
  pages={4104--4108},
  volume={5},
  publisher={IEEE}
}

@ARTICLE{Kennedy_2001,
  author = {James Kennedy and Yuhui Shi},
  title = {Particle Swarm Optimization: Developments, Applications and Resources},
  year={2001},
  pages={81--86}, 
  volume={2},
  publisher={IEEE}
}

@ARTICLE{Kennedy_2006,
  author = {James Kennedy and Rui Mendes},
  title = {Neighborhood Topologies in Fully Informed and Best-of-Neighborhood Particle Swarms},
  year={2006},
  pages={515--519}, 
  volume={36},
  publisher={IEEE}
}

@article{Keerthi_2001,
 author = {S. S. Keerthi and S. K. Shevade and C. Bhattacharyya and K. R. K. Murthy},
 title = {Improvements to Platt's SMO Algorithm for SVM Classifier Design},
 journal = {Neural Comput.},
 volume = {13},
 number = {3},
 month = mar,
 year = {2001},
 pages = {637--649},
 numpages = {13},
 publisher = {MIT Press}
}

@ARTICLE{Krohling_2004,
  author = {Renato A. Krohling},
  title = {Gaussian swarm: a novel particle swarm optimization algorithm},
  journal={ Cybernetics and Intelligent Systems, 2004 IEEE Conference on},
  year={2004},
  pages={372--376}
} 

@ARTICLE{Kumar_2013,
  author = {Rakesh Kumar and Sudhir Narual and Rajesh Kumar},
  title = "A Population Initialization Method by Memetic Algorithm",
  journal={International Journal of Advanced Research in Computer Science and Software Engineering},
  year={2013},
  volume={3},
  issue={4},
  pages={519--522}
}

@BOOK{Hassani_2013,
  author = {Kaveh Hassani and Won-Sook Lee},
  title = {An Incremental Parallel Particle Swarm Approach for Classification Rule Discovery from Dynamic Data},
  booktitle = {Proceedings of the 2013 12th International Conference on Machine Learning and Applications - Volume 01},
  year={2013},
  pages = {430--435},
  publisher = {IEEE Computer Society}
}

@ARTICLE{Handl_2007,
 author = {Julia Handl and Joshua Knowles},
 title = {An Evolutionary Approach to Multiobjective Clustering},
 journal = {Trans. Evol. Comp},
 volume = {11},
 number = {1},
 month = feb,
 year = {2007},
 pages = {56--76},
 numpages = {21},
 publisher = {IEEE Press}
} 

@BOOK{Haubelt_2005,
 author = {Christian Haubelt and J\"{u}rgen Gamenik and J\"{u}rgen Teich},
 title = {Initial Population Construction for Convergence Improvement of MOEAs},
 booktitle = {Proceedings of the Third International Conference on Evolutionary Multi-Criterion Optimization},
 year = {2005},
 pages = {191--205},
 numpages = {15},
 publisher = {Springer-Verlag}
} 

@ARTICLE{Higashi_2003,
 author = {Natsuki Higashi and Hitoshi Iba},
 title = {Particle Swarm Optimization with Gaussian Mutation},
 journal = {Swarm Intelligence Symposium},
 year = {2003},
 publisher = {IEEE},
 pages = {72--79}
}

@BOOK{Hoffmann_2011,
 author = {Matthias Hoffmann and Moritz M\"{u}hlenthaler and Sabine  Helwig and Rolf Wanka},
 title = {Discrete Particle Swarm Optimization for TSP: Theoretical Results and Experimental Evaluations},
 booktitle = {Proceedings of the Second International Conference on Adaptive and Intelligent Systems},
 series = {ICAIS'11},
 year = {2011},
 pages = {416--427},
 numpages = {12},
 publisher = {Springer-Verlag}
} 


@ARTICLE{Hu_2003,
  author = {Xiaohui Hu and Russell C. Eberheart and Yuhui Shi},
  title = "Particle Swarm with Extended Memory for Multiobjective Optimization",
  year = {2003},
  pages = {193--197},
  publisher = {IEEE}
}

@ARTICLE{Hu_2006,
  author = {Xiaohui Hu},
  title = {Particle Swarm Optimization},
  year = {2006},
  url = "http://www.swarmintelligence.org/",
  note = "Acessado em 21 de Setembro de 2015"
}

@ARTICLE{Jancauskas_2014,
  author = {Vytautas Jancauskas},
  journal = {Baltic J. Modern Computing},
  title = {Empirical Study of Particle Swarm Optimization Mutation Operators}, 
  volume = {2},
  pages = {199--214},
  year = {2014}
}

@PHDTHESIS{Joao_2013,
  author = {João Batista Mendes},
  title = {Uma Abordagem Multiobjetivo para o Problema de Despacho de Caminhões em Minas a Céu Aberto},
  school = {Universidade Federal de Minas Gerais},
  year = {2013},
  address = "Minas Gerais, Brasil",
  note = {Editora UFMG, Minas Gerais, 2013}
}

@ARTICLE{Joao_2014,
  author = {Jo\~ao Batista Mendes and Renato Dourado Maia and Marcos Fl\'avio Silveira Vasconcelos D'angelo and Jo\^ao Ant\^onio de Vasconcelos},
  title = "Algoritmo Evolucionário Aplicado ao Problema de Despacho de Caminhões em Minas a Céu Aberto",
  url = {http://www.swge.inf.br/CBA2014/anais/PDF/1569934181.pdf},
  year = {2014}
}

@BOOK{Liu_2004,
  author = {Yu Liu and Zheng Qin and Zhewen Shi and Junying Chen},
  title = {Rule Discovery with Particle Swarm Optimization},
  booktitle = {Content Computing},
  publisher = {Springer Berlin Heidelberg},
  pages = {291--296},
  volume = {3309},
  year = {2004}
}

@ARTICLE{Mishra_2016,
  author = {Anil Kumar Mishra},
  title = {PSO based Swarm Intelligence Technique for Multi-Objective Classification Rule Mining},
  journal = {International Journal of Computer Applications},
  pages = {18--22},
  year = {2016},
  volume = {137}
}

@ARTICLE{Millonas_1993,
  author = {Mark M. Millonas},
  title = {Swarms, Phase Transitions, and Collective Intelligence},
  year = {1993},
  url = {http://samoa.santafe.edu/media/workingpapers/93-06-039.pdf},
  note = "Acessado em 21 de Janeiro de 2017"
}

@ARTICLE{Pan_2008,
  author = {Quan-Ke Pan and Ling Wang and M. Fatih Tasgetiren and Bao-Hua Zhao},
  title = {A hybrid discrete particle swarm optimization algorithm for the no-wait flow shop scheduling problem with makespan criterion},
  year = {2008},
  journal = {Advanced Manufacturing Technology},
  volume = {38},
  issue = {3},
  pages = {337--347},
  publisher = {Springer-Verlag}
}

@BOOK{Parsopoulos_2008,
  author = {Konstantinos E. Parsopoulos and Michael N. Vrahatis},
  title = {(Chapter II) Multi-Objective Particles Swarm Optimization Approaches},
  year = {2009},
  booktitle = {Multi-Objective Optimization in Computational Intelligence},
  publisher = {IGI Global},
  pages = {20--41}
}

@ARTICLE{Pereira_2010,
  author = {Marconi de Arruda Pereira and Clodoveu Augusto Davis Júnior and João Antônio de Vasconcelos},
  title = "A Niched Genetic Programming Algorithm for Classification Rules Discovery in Geographic Databases",
  journal = {SEAL 2010, Lecture Notes in Computer Science},
  pages = {260--269},
  year = {2010}
}

@PHDTHESIS{Pereira_2012,
  author = {Marconi de Arruda Pereira},
  title = "Classificação de Dados Híbridos Através de Algoritmos Evolucionários",
  school = {Universidade Federal de Minas Gerais},
  year = {2012},
  address = "Minas Gerais, Brasil",
  note = {Editora UFMG, Minas Gerais, 2012},
}

@ARTICLE{Pereira_2014,
  author = {Marconi de Arruda Pereira and Clodoveu Augusto Davis Júnior and Eduardo Gontijo Carrano and João Antônio de Vasconcelos},
  title = "A niching genetic programming-based multi-objective algorithm for hybrid data classification",
  journal={Neurocomputing},
  volume={133},
  pages={342--357},
  year={2014},
  publisher={Elvesier}
}

@ARTICLE{Quinlan_1986,
  author = {J. R. Quinlan},
  title = {Induction of decision trees},
  journal = {Machine Learning 1},
  pages = {81--106},
  year = {1986}
}

@ARTICLE{Rosendo_2010,
  author = "Matheus Rosendo and Aurora Pozo",
  title = "Applying a Discrete Particle Swarm Optimization Algorithm to Combinatorial Problems",
  journal={IEEE Computer Society},
  publisher={IEEE},
  pages={235--240},
  year={2010}
}

@PHDTHESIS{Renato_2012,
  author = {Renato Dourado Maia},
  title = {Colônia de Abelhas como Modelo para Otimização Multimodal em Espaços Contínuos: Um Abordagem Baseada em Alocação de Tarefas},
  school = {Universidade Federal de Minas Gerais},
  year = {2012},
  address = "Minas Gerais, Brasil",
  note = {Editora UFMG, Minas Gerais, 2012},
}

@ARTICLE{Renato_2013,
  author = {Renato Dourado Maia and Leandro Nunes de Castro and Walmir Matos Caminhas},
  title = {OptBees - A Bee-inspired Algorithm for Solving Continuous Optimization Problems},
  year = {2012},
  pages = {142--151},
  journal = {2013 BRICS Congress on 1st Computational BRICS Countries Intelligence Congress \& on
11th Computational Brazilian Congress Intelligence on Computational Intelligence}
}

@ARTICLE{Reddy_2007,
  author = {M. Janga Reddy and D. Nagesh Kumar},
  title = "Multi-objective particle swarm optimization for generating optimal trade-offs in reservoir operation",
  journal={Wiley InterScience},
  year={2007},
  volume={21},
  pages={2897--2909}
}

@ARTICLE{Reyes_2005,
    author = {Margarita Reyes-Sierra and Carlos A. Coello-Coello},
    title = {Improving PSO-based multi-objective optimization using crowding, mutation and $\in$-dominance},
    booktitle = {Proceedings of the Third International Conference on Evolutionary Multi-Criterion Optimization},
    year = {2005},
    pages = {505--519},
	numpages = {15},
    publisher = {Springer-Verlag}
}

@ARTICLE{Reyes_2006,
  author = "Margarita Reyes-Sierra and Carlos A. Coello-Coello",
  title = "Multi-Objective Particle Swarm Optimizers: A Survey of the State-of-the-Art",
  journal = {International Journal of Computational Intelligence Research},
  publisher = {IEEE},
  year = {2006},
  pages = {287--308}
}

@ARTICLE{Rini_2011,
  author = {Dian Palupi Rini and Siti Mariyam Shamsuddin and Siti Sophiyati Yuhaniz},
  title = {Particle Swarm Optimization: Technique, System and Challenges},
  journal = {International Journal of Computer Applications},
  volume = {14},
  number = {1},
  year = {2011},
  pages = {19--27}
}

@ARTICLE{Santana_2009,
  author = {R. A. Santana and M. R. Pontes and C. J. A. Bastos-Filho},
  title = {A Multiple Objective Particle Swarm Optimization Approach using Crowding Distance and Roulette Wheel},
  year = {2009},
  pages = {237--242},
  booktitle = {2009 Ninth International Conference on Intelligent Systems Design and Applications},
  publisher = {IEEE}
}

@ARTICLE{Sousa_2004,
 author = {Tiago Sousa and Arlindo Silva and Ana Neves},
 title = {Particle Swarm Based Data Mining Algorithms for Classification Tasks},
 journal = {Parallel Comput.},
 year = {2004},
 pages = {767--783},
 numpages = {17},
 publisher = {Elsevier Science Publishers B. V.}
} 

@ARTICLE{VonZuben_2007,
  author = "Fernando J. Von Zuben and Romis R. F. Attux ",
  title = "Inteligência de Enxame",
  url = "ftp://ftp.dca.fee.unicamp.br/pub/docs/vonzuben/ia013_1s07/topico4_07.pdf",
  year = {2007},
  note = "Acessado em 21 de Setembro de 2015"
}

@ARTICLE{Wang_2007,
  author = {Ziqiang Wang and Xia Sun and Dexian Zhang},
  title = {A PSO-Based Classification Rule Mining Algorithm},
  booktitle = {Proceedings of the 3rd International Conference on Intelligent Computing: Advanced Intelligent Computing Theories and Applications. With Aspects of Artificial Intelligence},
  year = {2007},
  publisher = {Springer-Verlag}
} 

@ARTICLE{Wang2_2011,
  author = "Hao Wang and Yan Zhang",
  title = "Improvement of Discrete Particle Swarm Classification System",
  year={2011},
  pages = {1027--1031},
  booktitle = {2011 Eighth International Conference on Fuzzy Systems and Knowledge Discovery (FSKD)},
  publisher = {IEEE}
}

@ARTICLE{Wang3_2011,
  author = "Xianpeng Wang and Lixin Tang",
  title = "A discrete particle swarm optimization algorithm with self-adaptive diversity control for the permutation flowshop problem with blocking",
  journal={Applied Soft Computing},
  volume={12},
  pages={652--662},
  year={2011}
}

@BOOK{Witten_2005,
  author={Ian H. Witten and Frank Eiben},
  title={Data mining: Practical Machine Learning Tools and Techniques},
  year={2005},
  publisher = {Morgan Kaufmann Publishers Inc.}
}

@ARTICLE{Valle_2008,
  title = {Particle Swarm Optimization: Basic Concepts, Variants and Applications in Power Systems},
  author = {Yamille del Valle and Ganesh Kumar Venayagamoorthy and Salman Mohagheghi and Jean-Carlos Hernandez and Ronald G. Harley},
  year = {2008},
  pages = {171--195},
  journal = {IEEE Transactions on Evolutionary Computation},
  publisher = {IEEE}
}

@ARTICLE{Zachariadis_2010,
  author = {Emmanouil E. Zachariadis and Chris T. Kiranoudis},
  title = {A strategy for reducing the computational complexity of local search-based methods for the vehicle routing problem},
  journal = {Computers \& Operations Research},
  volume = {37},
  issue = {12},
  year = {2010}, 
  pages = {2089--2105}
}

@ARTICLE{Zahari_2007,
  author = {Seyed-Hamid Zahiri and Seyed-Alireza Seyedin},
  title = {Swarm intelligence based classifiers},
  journal = {Journal of the Franklin Institute},
  year = {2007},
  volume = {344}, 
  issue = {5},
  pages = {362--376}
}
